@misc{A1,
	title = {Personal {Data} and {Credentials} of 268 {Million} {Users} {Exposed} {In} {Recent} {Wattpad} {Hack}},
	url = {https://www.riskbasedsecurity.com/2020/07/23/personal-data-and-credentials-of-268-million-users-exposed-in-recent-wattpad-hack/},
	language = {en},
	journal = {Personal Data and Credentials of 268 Million Users Exposed In Recent Wattpad Hack},
	month = jul,
	year = {2020}
}