
@misc{noauthor_personal_2020,
	type = {Internetartikel},
	title = {Personal {Data} and {Credentials} of 268 {Million} {Users} {Exposed} {In} {Recent} {Wattpad} {Hack}},
	url = {https://www.riskbasedsecurity.com/2020/07/23/personal-data-and-credentials-of-268-million-users-exposed-in-recent-wattpad-hack/},
	language = {Englisch},
	journal = {Personal Data and Credentials of 268 Million Users Exposed In Recent Wattpad Hack},
	month = jul,
	year = {2020}
}

@techreport{gentemann_jeder_2020,
	address = {Berlin},
	type = {Pressemitteilung},
	title = {Jeder dritte {Onliner} nutzt dasselbe {Passwort} für mehrere {Dienste}},
	url = {https://www.bitkom-research.de/de/pressemitteilung/jeder-dritte-onliner-nutzt-dasselbe-passwort-fuer-mehrere-dienste},
	language = {Deutsch},
	institution = {Bitkom},
	author = {Gentemann, Lukas},
	month = jan,
	year = {2020}
}

@techreport{noauthor_jeder_2016,
	address = {Berlin},
	type = {Pressemitteilung},
	title = {Jeder {Dritte} nachlässig bei {Passwortwahl}},
	url = {https://www.bitkom.org/Presse/Presseinformation/Jeder-Dritte-nachlaessig-bei-Passwortwahl.html},
	language = {Deutsch},
	institution = {Bitkom},
	month = nov,
	year = {2016}
}

@article{beuchelt_schwache_2018,
	title = {Schwache {Passwörter} — {Nutzer} spielen weiterhin {Vogel} {Strauß}},
	volume = {10},
	issn = {1867-5905, 1867-5913},
	url = {http://link.springer.com/10.1007/s35764-018-0094-x},
	doi = {10.1007/s35764-018-0094-x},
	language = {de},
	number = {5},
	urldate = {2020-10-06},
	journal = {Wirtschaftsinformatik \& Management},
	author = {Beuchelt, Gerald},
	month = oct,
	year = {2018},
	pages = {18--21}
}

@misc{noauthor_sichere_nodate,
	type = {Internetartikel},
	title = {Sichere {Passwörter} erstellen},
	url = {https://www.bsi-fuer-buerger.de/BSIFB/DE/Empfehlungen/Passwoerter/passwoerter_node.html},
	language = {Deutsch},
	journal = {Sichere Passwörter erstellen}
}
